@article{hartman2013optimal,
  journal={Draft},
  title={Optimal assignment for carpooling-DRAFT},
  author={Hartman, Irith Ben-Arroyo},
  year={2013}
}

@article{knapen2013estimating,
  title={Estimating scalability issues while finding an optimal assignment for carpooling},
  author={Knapen, Luk and Keren, Daniel and Cho, Sungjin and Bellemans, Tom and Janssens, Davy and Wets, Geert and others},
  journal={Procedia Computer Science},
  volume={19},
  pages={372--379},
  year={2013},
  publisher={Elsevier}
}

@article{knapen2014exploiting,
  title={Exploiting graph-theoretic tools for matching in carpooling applications},
  author={Knapen, Luk and Yasar, Ansar and Cho, Sungjin and Keren, Daniel and Dbai, Abed Abu and Bellemans, Tom and Janssens, Davy and Wets, Geert and Schuster, Assaf and Sharfman, Izchak and others},
  journal={Journal of Ambient Intelligence and Humanized Computing},
  volume={5},
  number={3},
  pages={393--407},
  year={2014},
  publisher={Springer}
}

@article{hartman2014theory,
  title={Theory and practice in large carpooling problems},
  author={Hartman, Irith Ben-Arroyo and Keren, Daniel and Dbai, Abed Abu and Cohen, Elad and Knapen, Luk and Janssens, Davy and others},
  journal={Procedia Computer Science},
  volume={32},
  pages={339--347},
  year={2014},
  publisher={Elsevier}
}
